<record><leader>00000cas a22000007a 4500</leader><controlfield tag="001">28920000</controlfield><controlfield tag="008">930930d183318uumouir ne      0    0eng d</controlfield><datafield ind1=" " ind2=" " tag="010"><subfield code="a">sn 93060398 </subfield></datafield><datafield ind1=" " ind2=" " tag="040"><subfield code="a">MQN</subfield><subfield code="b">eng</subfield><subfield code="c">MQN</subfield><subfield code="d">CNK</subfield><subfield code="d">MQN</subfield><subfield code="d">NVF</subfield><subfield code="d">OCL</subfield><subfield code="d">OCLCQ</subfield><subfield code="d">OCLCF</subfield><subfield code="d">OCLCO</subfield></datafield><datafield ind1="1" ind2=" " tag="029"><subfield code="a">AU@</subfield><subfield code="b">000010783239</subfield></datafield><datafield ind1=" " ind2=" " tag="042"><subfield code="a">msc</subfield></datafield><datafield ind1=" " ind2=" " tag="043"><subfield code="a">n-us-mo</subfield></datafield><datafield ind1="0" ind2=" " tag="130"><subfield code="a">Missouri Republican (Saint Louis, Mo. : 1833)</subfield></datafield><datafield ind1="1" ind2="0" tag="245"><subfield code="a">Missouri Republican.</subfield></datafield><datafield ind1="1" ind2=" " tag="246"><subfield code="i">Published as:</subfield><subfield code="a">Missouri Republican tri-weekly</subfield><subfield code="f">July 7, 1838-&lt;Nov. 22, 1838&gt;</subfield></datafield><datafield ind1=" " ind2=" " tag="260"><subfield code="a">St. Louis, Mo. :</subfield><subfield code="b">Charless &amp; Paschall</subfield></datafield><datafield ind1=" " ind2=" " tag="300"><subfield code="a">v.</subfield></datafield><datafield ind1=" " ind2=" " tag="310"><subfield code="a">Triweekly,</subfield><subfield code="b">Apr. 30, 1835-</subfield></datafield><datafield ind1=" " ind2=" " tag="321"><subfield code="a">Semiweekly,</subfield><subfield code="b">Apr. 12, 1833-Apr. 28, 1835</subfield></datafield><datafield ind1="0" ind2=" " tag="362"><subfield code="a">Vol. 12, no. 578 (Apr. 12, 1833)-</subfield></datafield><datafield ind1=" " ind2=" " tag="580"><subfield code="a">Weekly eds.: Missouri Republican (Saint Louis, Mo. : 1822), 1833-1838, and: Missouri Republican for the country, 1838-&lt;&gt;.</subfield></datafield><datafield ind1=" " ind2=" " tag="580"><subfield code="a">Daily ed.: Missouri Republican (Saint Louis, Mo. : 1836), 1836-1837.</subfield></datafield><datafield ind1=" " ind2="0" tag="651"><subfield code="a">Saint Louis (Mo.)</subfield><subfield code="v">Newspapers.</subfield></datafield><datafield ind1=" " ind2="7" tag="655"><subfield code="a">Newspapers.</subfield><subfield code="2">fast</subfield><subfield code="0">(OCoLC)fst01423814</subfield></datafield><datafield ind1=" " ind2="7" tag="651"><subfield code="a">Missouri</subfield><subfield code="z">Saint Louis.</subfield><subfield code="2">fast</subfield><subfield code="0">(OCoLC)fst01204930</subfield></datafield><datafield ind1=" " ind2=" " tag="752"><subfield code="a">United States</subfield><subfield code="b">Missouri</subfield><subfield code="d">Saint Louis.</subfield></datafield><datafield ind1="1" ind2=" " tag="775"><subfield code="t">Missouri Republican (Saint Louis, Mo. : 1822)</subfield><subfield code="w">(DLC)sn 83025377</subfield></datafield><datafield ind1="1" ind2=" " tag="775"><subfield code="t">Missouri Republican for the country</subfield><subfield code="w">(DLC)sn 87052201</subfield></datafield><datafield ind1="1" ind2=" " tag="775"><subfield code="t">Missouri Republican (Saint Louis, Mo. : 1836)</subfield><subfield code="w">(DLC)sn 93060396</subfield></datafield><datafield ind1="0" ind2="0" tag="785"><subfield code="t">Tri-weekly Missouri Republican</subfield><subfield code="w">(DLC)sn 83045770</subfield></datafield></record>